<?xml version="1.0" encoding="UTF-8"?>
  <record xmlns="http://www.loc.gov/MARC21/slim" type="Authority">
    <leader>00000nz  a2200000nc 4500</leader>
    <controlfield tag="001">119163861</controlfield>
    <controlfield tag="003">DE-101</controlfield>
    <controlfield tag="005">20211022195943.0</controlfield>
    <controlfield tag="008">940720n||azznnaabn           | aaa    |c</controlfield>
    <datafield tag="024" ind1="7" ind2=" ">
      <subfield code="a">119163861</subfield>
      <subfield code="0">http://d-nb.info/gnd/119163861</subfield>
      <subfield code="2">gnd</subfield>
    </datafield>
    <datafield tag="035" ind1=" " ind2=" ">
      <subfield code="a">(DE-101)119163861</subfield>
    </datafield>
    <datafield tag="035" ind1=" " ind2=" ">
      <subfield code="a">(DE-588)119163861</subfield>
    </datafield>
    <datafield tag="035" ind1=" " ind2=" ">
      <subfield code="z">(DE-588a)119163861</subfield>
      <subfield code="9">v:zg</subfield>
    </datafield>
    <datafield tag="035" ind1=" " ind2=" ">
      <subfield code="z">(DE-588c)4345778-2</subfield>
      <subfield code="9">v:zg</subfield>
    </datafield>
    <datafield tag="040" ind1=" " ind2=" ">
      <subfield code="a">DE-101</subfield>
      <subfield code="c">DE-101</subfield>
      <subfield code="9">r:DE-101</subfield>
      <subfield code="b">ger</subfield>
      <subfield code="d">9999</subfield>
    </datafield>
    <datafield tag="042" ind1=" " ind2=" ">
      <subfield code="a">gnd1</subfield>
    </datafield>
    <datafield tag="043" ind1=" " ind2=" ">
      <subfield code="c">XA-DE</subfield>
    </datafield>
    <datafield tag="065" ind1=" " ind2=" ">
      <subfield code="a">16.5p</subfield>
      <subfield code="2">sswd</subfield>
    </datafield>
    <datafield tag="075" ind1=" " ind2=" ">
      <subfield code="b">p</subfield>
      <subfield code="2">gndgen</subfield>
    </datafield>
    <datafield tag="075" ind1=" " ind2=" ">
      <subfield code="b">piz</subfield>
      <subfield code="2">gndspec</subfield>
    </datafield>
    <datafield tag="079" ind1=" " ind2=" ">
      <subfield code="a">g</subfield>
      <subfield code="q">s</subfield>
      <subfield code="q">f</subfield>
      <subfield code="u">w</subfield>
    </datafield>
    <datafield tag="100" ind1="0" ind2=" ">
      <subfield code="a">Juliane</subfield>
      <subfield code="c">Hessen-Kassel, Landgräfin</subfield>
      <subfield code="d">1587-1643</subfield>
    </datafield>
    <datafield tag="400" ind1="1" ind2=" ">
      <subfield code="a">Nassau-Dillenburg, Juliane &#152;von&#156;</subfield>
      <subfield code="d">1587-1643</subfield>
    </datafield>
    <datafield tag="400" ind1="1" ind2=" ">
      <subfield code="a">Nassau-Siegen, Juliane &#152;von&#156;</subfield>
      <subfield code="d">1587-1643</subfield>
    </datafield>
    <datafield tag="400" ind1="0" ind2=" ">
      <subfield code="a">Juliana</subfield>
      <subfield code="c">Hessen-Kassel, Landgräfin</subfield>
      <subfield code="d">1587-1643</subfield>
    </datafield>
    <datafield tag="400" ind1="0" ind2=" ">
      <subfield code="a">Juliana</subfield>
      <subfield code="c">Nassau-Dillenburg, Gräfin</subfield>
      <subfield code="d">1587-1643</subfield>
    </datafield>
    <datafield tag="400" ind1="0" ind2=" ">
      <subfield code="a">Juliane</subfield>
      <subfield code="c">Nassau-Siegen, Gräfin</subfield>
      <subfield code="d">1587-1643</subfield>
      <subfield code="5">DE-18</subfield>
    </datafield>
    <datafield tag="500" ind1="0" ind2=" ">
      <subfield code="0">(DE-101)118738070</subfield>
      <subfield code="0">(DE-588)118738070</subfield>
      <subfield code="0">https://d-nb.info/gnd/118738070</subfield>
      <subfield code="a">Johann</subfield>
      <subfield code="b">VII.</subfield>
      <subfield code="c">Nassau-Siegen, Graf</subfield>
      <subfield code="d">1561-1623</subfield>
      <subfield code="4">bezf</subfield>
      <subfield code="4">https://d-nb.info/standards/elementset/gnd#familialRelationship</subfield>
      <subfield code="w">r</subfield>
      <subfield code="i">Beziehung familiaer</subfield>
      <subfield code="e">Beziehung familiaer</subfield>
      <subfield code="9">v:Vater</subfield>
    </datafield>
    <datafield tag="500" ind1="0" ind2=" ">
      <subfield code="0">(DE-101)136244750</subfield>
      <subfield code="0">(DE-588)136244750</subfield>
      <subfield code="0">https://d-nb.info/gnd/136244750</subfield>
      <subfield code="a">Johann</subfield>
      <subfield code="b">VIII.</subfield>
      <subfield code="c">Nassau-Siegen, Graf</subfield>
      <subfield code="d">1583-1638</subfield>
      <subfield code="4">bezf</subfield>
      <subfield code="4">https://d-nb.info/standards/elementset/gnd#familialRelationship</subfield>
      <subfield code="w">r</subfield>
      <subfield code="i">Beziehung familiaer</subfield>
      <subfield code="e">Beziehung familiaer</subfield>
      <subfield code="9">v:Bruder</subfield>
    </datafield>
    <datafield tag="500" ind1="0" ind2=" ">
      <subfield code="0">(DE-101)136090508</subfield>
      <subfield code="0">(DE-588)136090508</subfield>
      <subfield code="0">https://d-nb.info/gnd/136090508</subfield>
      <subfield code="a">Wilhelm</subfield>
      <subfield code="c">Nassau-Siegen, Graf</subfield>
      <subfield code="d">1592-1642</subfield>
      <subfield code="4">bezf</subfield>
      <subfield code="4">https://d-nb.info/standards/elementset/gnd#familialRelationship</subfield>
      <subfield code="w">r</subfield>
      <subfield code="i">Beziehung familiaer</subfield>
      <subfield code="e">Beziehung familiaer</subfield>
      <subfield code="9">v:Bruder</subfield>
    </datafield>
    <datafield tag="500" ind1="0" ind2=" ">
      <subfield code="0">(DE-101)11858412X</subfield>
      <subfield code="0">(DE-588)11858412X</subfield>
      <subfield code="0">https://d-nb.info/gnd/11858412X</subfield>
      <subfield code="a">Moritz</subfield>
      <subfield code="c">Hessen-Kassel, Landgraf, 1572-1632</subfield>
      <subfield code="d">1572-1632</subfield>
      <subfield code="4">bezf</subfield>
      <subfield code="4">https://d-nb.info/standards/elementset/gnd#familialRelationship</subfield>
      <subfield code="w">r</subfield>
      <subfield code="i">Beziehung familiaer</subfield>
      <subfield code="e">Beziehung familiaer</subfield>
      <subfield code="9">v:Ehemann</subfield>
    </datafield>
    <datafield tag="500" ind1="0" ind2=" ">
      <subfield code="0">(DE-101)10432676X</subfield>
      <subfield code="0">(DE-588)10432676X</subfield>
      <subfield code="0">https://d-nb.info/gnd/10432676X</subfield>
      <subfield code="a">Philipp</subfield>
      <subfield code="c">Hessen-Kassel, Landgraf, 1604-1626</subfield>
      <subfield code="d">1604-1626</subfield>
      <subfield code="4">bezf</subfield>
      <subfield code="4">https://d-nb.info/standards/elementset/gnd#familialRelationship</subfield>
      <subfield code="w">r</subfield>
      <subfield code="i">Beziehung familiaer</subfield>
      <subfield code="e">Beziehung familiaer</subfield>
      <subfield code="9">v:Sohn</subfield>
    </datafield>
    <datafield tag="500" ind1="0" ind2=" ">
      <subfield code="0">(DE-101)100098355</subfield>
      <subfield code="0">(DE-588)100098355</subfield>
      <subfield code="0">https://d-nb.info/gnd/100098355</subfield>
      <subfield code="a">Hermann</subfield>
      <subfield code="b">IV.</subfield>
      <subfield code="c">Hessen-Kassel, Landgraf</subfield>
      <subfield code="d">1607-1658</subfield>
      <subfield code="4">bezf</subfield>
      <subfield code="4">https://d-nb.info/standards/elementset/gnd#familialRelationship</subfield>
      <subfield code="w">r</subfield>
      <subfield code="i">Beziehung familiaer</subfield>
      <subfield code="e">Beziehung familiaer</subfield>
      <subfield code="9">v:Sohn</subfield>
    </datafield>
    <datafield tag="500" ind1="0" ind2=" ">
      <subfield code="0">(DE-101)123961572</subfield>
      <subfield code="0">(DE-588)123961572</subfield>
      <subfield code="0">https://d-nb.info/gnd/123961572</subfield>
      <subfield code="a">Friedrich</subfield>
      <subfield code="c">Hessen-Kassel, Landgraf</subfield>
      <subfield code="d">1617-1655</subfield>
      <subfield code="4">bezf</subfield>
      <subfield code="4">https://d-nb.info/standards/elementset/gnd#familialRelationship</subfield>
      <subfield code="w">r</subfield>
      <subfield code="i">Beziehung familiaer</subfield>
      <subfield code="e">Beziehung familiaer</subfield>
      <subfield code="9">v:Sohn</subfield>
    </datafield>
    <datafield tag="500" ind1="0" ind2=" ">
      <subfield code="0">(DE-101)118963287</subfield>
      <subfield code="0">(DE-588)118963287</subfield>
      <subfield code="0">https://d-nb.info/gnd/118963287</subfield>
      <subfield code="a">Ernst</subfield>
      <subfield code="b">I.</subfield>
      <subfield code="c">Hessen-Rheinfels-Rotenburg, Landgraf</subfield>
      <subfield code="d">1623-1693</subfield>
      <subfield code="4">bezf</subfield>
      <subfield code="4">https://d-nb.info/standards/elementset/gnd#familialRelationship</subfield>
      <subfield code="w">r</subfield>
      <subfield code="i">Beziehung familiaer</subfield>
      <subfield code="e">Beziehung familiaer</subfield>
      <subfield code="9">v:Sohn</subfield>
    </datafield>
    <datafield tag="548" ind1=" " ind2=" ">
      <subfield code="a">03.09.1587-15.02.1643</subfield>
      <subfield code="4">datx</subfield>
      <subfield code="4">https://d-nb.info/standards/elementset/gnd#dateOfBirthAndDeath</subfield>
      <subfield code="w">r</subfield>
      <subfield code="i">Exakte Lebensdaten</subfield>
    </datafield>
    <datafield tag="548" ind1=" " ind2=" ">
      <subfield code="a">1587-1643</subfield>
      <subfield code="4">datl</subfield>
      <subfield code="4">https://d-nb.info/standards/elementset/gnd#dateOfBirthAndDeath</subfield>
      <subfield code="w">r</subfield>
      <subfield code="i">Lebensdaten</subfield>
    </datafield>
    <datafield tag="550" ind1=" " ind2=" ">
      <subfield code="a">Landgräfin von Hessen-Kassel</subfield>
      <subfield code="4">beru</subfield>
      <subfield code="4">https://d-nb.info/standards/elementset/gnd#professionOrOccupation</subfield>
      <subfield code="w">r</subfield>
      <subfield code="i">Beruf</subfield>
    </datafield>
    <datafield tag="670" ind1=" " ind2=" ">
      <subfield code="a">Europ. Stammtaf. Bd. 1,98</subfield>
    </datafield>
    <datafield tag="670" ind1=" " ind2=" ">
      <subfield code="a">Supellex epistolica Uffenbachii et Wolfiorum = Katalog der Uffenbach-Wolfschen Briefsammlung / hrsg. u. bearb. von Nilüfer Krüger. - Hamburg : Hauswedell, 1978. 2 Bde. - (Katalog der Handschriften der Staats- und Universitätsbibliothek Hamburg ; 8)</subfield>
    </datafield>
    <datafield tag="678" ind1=" " ind2=" ">
      <subfield code="b">25.5.1603 Heirat mit Moritz (1572-1632); 2. Frau von Moritz dem Gelehrten</subfield>
    </datafield>
    <datafield tag="678" ind1=" " ind2=" ">
      <subfield code="b">1603 Heirat mit Moritz von Hessen-Kassel</subfield>
    </datafield>
    <datafield tag="913" ind1=" " ind2=" ">
      <subfield code="S">pnd</subfield>
      <subfield code="i">5</subfield>
      <subfield code="a">Juliane &lt;Hessen-Kassel, Landgräfin&gt;</subfield>
      <subfield code="0">(DE-588a)119163861</subfield>
    </datafield>
  </record>
